@misc{overleaf:learnlatex,
    author = {Overleaf},
    howpublished = {\url{https://www.overleaf.com/learn/latex/Learn_LaTeX_in_30_minutes}},
    title = {Learn LaTeX in 30 Minutes}
}

@techreport{alander2024,
  author       = {Alander, A. and Hjalmarsson, J.},
  title        = {Optimizing Production Scheduling in Manufacturing Environments},
  institution  = {M{\"a}lardalen University, School of Innovation Design and Engineering},
  year         = {2024},
}

@article{serranoruiz2023,
  author  = {Serrano-Ruiz, Julio C. and Mula, Josefa and Poler, Ra√∫l},
  title   = {Smart Manufacturing Scheduling: A Literature Review},
  journal = {Journal of Manufacturing Systems},
  volume  = {61},
  pages   = {265-287},
  year    = {2021},
}


@article{chen2023,
  author  = {Chen, G. and Zhang, J. and Ning, M. and Cui, W. and Ma, M.},
  title   = {Task Scheduling in Real-time Industrial Scenarios},
  journal = {Computers \& Industrial Engineering},
  volume  = {182},
  pages   = {109372},
  year    = {2023},
}

@misc{sap_mes,
  author = {{SAP SE}},
  title = {What is MES? Manufacturing Execution Systems Explained},
  url = {https://www.sap.com/sea/products/scm/execution-mes/what-is-mes.html},
  note = {Accessed: \today},
}


@misc{techtarget_mrp,
  author = {{TechTarget}},
  title = {Material requirements planning (MRP)},
  url = {https://www.techtarget.com/searcherp/definition/material-requirements-planning-MRP},
  note = {Accessed: \today},
}

@misc{investopedia_mrpii,
  author = {{Investopedia}},
  title = {Manufacturing Resource Planning (MRP II)},
  url = {https://www.investopedia.com/terms/m/manufacturing-resource-planning.asp},
  note = {Accessed: \today},
}

@misc{sap_erp,
  author = {{SAP SE}},
  title = {What is ERP? Enterprise Resource Planning Explained},
  url = {https://www.sap.com/products/erp/what-is-erp.html},
  note = {Accessed: \today},
}

@misc{katana_mrp,
  author = {{Katana MRP}},
  title = {Katana MRP},
  url = {https://katanamrp.com/},
  note = {Accessed: 22 March 2025},
}

@misc{jobman_erp,
  author = {{Jobman}},
  title = {Jobman ERP},
  url = {https://www.jobman.com},
  note = {Accessed: 22 March 2025},
}

@misc{schedulepro,
  author = {{SchedulePro}},
  title = {SchedulePro},
  url = {https://www.somersault.com/},
  note = {Accessed: 22 March 2025},
}
